@online{equifax,
  author = "BBC News",
  title = "Equifax data hack affected 694,000 UK customers",
  url = "http://www.bbc.co.uk/news/business-41575188"
}
